
@book{datastructuresbook,
    author = {Mark Allen Weiss},
    year = {2012},
    title = {Data Structures and Algorithm Analysis in Java},
    publisher = {Pearson}
}

@online{geeksforgeeks,
    title = "GeeksforGeeks",
    url  = "https://www.geeksforgeeks.org/",
    addendum = "(accessed: 18.12.2021)",
    keywords = "programming"
}



@online{wkipedia,
    title = "Wikipedia",
    url={https://en.wikipedia.org/},
    journal={Wikipedia, the free encyclopedia},
    addendum = "(accessed: 28.12.2021)"
}

